@ARTICLE{Yang, 
author={Jing Yang and Ulukus, Sennur}, 
journal={Communications, IEEE Transactions on}, 
title={Optimal Packet Scheduling in an Energy Harvesting Communication System}, 
year={2012}, 
month={January}, 
volume={60}, 
number={1}, 
pages={220-230}, 
keywords={energy harvesting;radio transmitters;radiocommunication;scheduling;telecommunication traffic;data traffic;deterministic system setting;optimal packet scheduling;single-user energy harvesting wireless communication system;source node;transmitter;Delay;Energy consumption;Energy harvesting;Minimization;Resource management;Scheduling algorithm;Transmitters;Energy harvesting;rechargeable wireless networks;transmission completion time minimization}, 
doi={10.1109/TCOMM.2011.112811.100349}, 
ISSN={0090-6778},}


@ARTICLE{Antepli, 
author={Antepli, M.A. and Uysal-Biyikoglu, E. and Erkal, H.}, 
journal={Selected Areas in Communications, IEEE Journal on}, 
title={Optimal Packet Scheduling on an Energy Harvesting Broadcast Link}, 
year={2011}, 
month={September}, 
volume={29}, 
number={8}, 
pages={1721-1731}, 
keywords={AWGN channels;broadcast channels;energy harvesting;iterative methods;scheduling;2-user AWGN broadcast channel;energy harvesting broadcast link;iterative offline algorithm;optimal packet scheduling;AWGN;Energy harvesting;Optimal scheduling;Optimized production technology;Receivers;Resource management;Schedules;AWGN broadcast channel;Packet scheduling;energy harvesting;energy-efficient scheduling;flowright}, 
doi={10.1109/JSAC.2011.110920}, 
ISSN={0733-8716},}

@INPROCEEDINGS{VazeCompetitive, 
author={Vaze, R.}, 
booktitle={INFOCOM, 2013 Proceedings IEEE}, 
title={Competitive ratio analysis of online algorithms to minimize packet transmission time in energy harvesting communication system}, 
year={2013}, 
month={April}, 
pages={115-1123}, 
keywords={Gaussian channels;energy harvesting;minimisation;multi-access systems;telecommunication power management;GMAC;causal energy arrival information;competitive ratio analysis;competitiveness;energy harvesting communication system;lazy transmission policy;minimization problem;natural renewable sources;online algorithm design;optimal offline algorithm;packet transmission time minimization;single-user Gaussian channel;transmission power;transmission rate;two-user Gaussian multiple access channel;Algorithm design and analysis;Channel models;Communication systems;Energy harvesting;Indexes;Optimization;Upper bound}, 
doi={10.1109/INFCOM.2013.6566902}, 
ISSN={0743-166X},}