@ARTICLE{Yang, 
author={Jing Yang and Ulukus, Sennur}, 
journal={Communications, IEEE Transactions on}, 
title={Optimal Packet Scheduling in an Energy Harvesting Communication System}, 
year={2012}, 
month={January}, 
volume={60}, 
number={1}, 
pages={220-230}, 
keywords={energy harvesting;radio transmitters;radiocommunication;scheduling;telecommunication traffic;data traffic;deterministic system setting;optimal packet scheduling;single-user energy harvesting wireless communication system;source node;transmitter;Delay;Energy consumption;Energy harvesting;Minimization;Resource management;Scheduling algorithm;Transmitters;Energy harvesting;rechargeable wireless networks;transmission completion time minimization}, 
doi={10.1109/TCOMM.2011.112811.100349}, 
ISSN={0090-6778},}


@ARTICLE{Antepli, 
author={Antepli, M.A. and Uysal-Biyikoglu, E. and Erkal, H.}, 
journal={Selected Areas in Communications, IEEE Journal on}, 
title={Optimal Packet Scheduling on an Energy Harvesting Broadcast Link}, 
year={2011}, 
month={September}, 
volume={29}, 
number={8}, 
pages={1721-1731}, 
keywords={AWGN channels;broadcast channels;energy harvesting;iterative methods;scheduling;2-user AWGN broadcast channel;energy harvesting broadcast link;iterative offline algorithm;optimal packet scheduling;AWGN;Energy harvesting;Optimal scheduling;Optimized production technology;Receivers;Resource management;Schedules;AWGN broadcast channel;Packet scheduling;energy harvesting;energy-efficient scheduling;flowright}, 
doi={10.1109/JSAC.2011.110920}, 
ISSN={0733-8716},}